@misc{astar,
	author="Kevin Glass",
	title="Path Finding on Tile based Maps",
	howpublished = "\footnotesize{\url{http://www.cokeandcode.com/pathfinding}}",
	year = 2011
},
@misc{ikoner,
	author="Diverse",
	title="Diverse ikoner brugt til GUI",
	howpublished = "\footnotesize{\url{http://icones.pro},\url{http://Iconfinder.com},\url{http://www.iconspedia.com}}",
	year = 2011
}
