@book{chu,
  title="FPGA prototyping by VHDL examples: Xilinx Spartan-3 version",
  author="Chu, P.P.",
  isbn="0470185315",
  year="2008",
  publisher="Wiley-Interscience"
}

@book{patt,
  title="Introduction to Computing Systems: from bits and gates to C and beyond",
  author="Patt, Y.N. and Patel, S.J.",
  isbn="0071215039",
  year="2004",
  publisher="McGraw-Hill"
}

@misc{nexys,
	author="Digilent",
	title="Nexys2 FPGA Board",
	howpublished = "\footnotesize{\url{http://www.digilentinc.com/Products/Detail.cfm?Prod=NEXYS2}}"
}

@misc{psram,
	author="Micron Technology Inc.",
	title="Async/Page/Burst CellularRAM(tm) 1.5, MT45W8MW16BGX",
	howpublished = "\footnotesize{\url{http://download.micron.com/pdf/datasheets/psram/128mb_burst_cr1_5_p26z.pdf}}"%,
%	month = "sept",
%	year = "2009"
%	note = "PSRAM p√• Digilent Nexys 2 FPGA"
}

%@OTHER{Doe:2009:Other,
%  author = {Doe, Brian},
%  title = {This is a test entry of type {@OTHER}},
%  month = jun,
%  year = {2009},
%  url = {http://www.test.org/doe/}
%}
%@online{selenium,
%	author = {Selenium},
%	title = {Selenium IDE},
%	month = {19. Juni},
%	year = {2010},
%	howpublished = {\url{http://seleniumhq.org/projects/ide/}},
%	note = {Unit testing til web-sider}
%}
%	
%@online{eclemma,
%	author = {EclEmma},
%	title = {EclEmma - Java Code Coverage for Eclipse},
%	month = {19. August},
%	year = {2009},
%	howpublished = {\url{http://www.eclemma.org}}
%}
%
%@online{wireshark,
%	author = {WireShark},
%	title = {WireShark},
%	month = {19. Juni},
%	year = {2010},
%	howpublished = {\url{http://www.wireshark.org}}
%}
%
%@online{w3html,
%	author = {World Wide Web Consortium (W3C)},
%	title = {W3C Markup Validator},
%	month = {19. Juni},
%	year = {2010},
%	howpublished = {\url{http://validator.w3.org}}
%}
%
%@online{w3css,
%	author = {World Wide Web Consortium (W3C)},
%	title = {W3C CSS Validator},
%	month = {19. Juni},
%	year = {2010},
%	howpublished = {\url{http://jigsaw.w3.org/css-validator/}}
%}
%
%@online{mowes,
%	author = {CH Software},
%	title = {MoWeS Mixer},
%	month = {19. Juni},
%	year = {2010},
%	howpublished = {\url{http://www.chsoftware.net/en/mowes/mowesmixer}}
%}